% Encoding: UTF-8

@Article{Moreira_2019,
  author    = {Bruna Fernanda Tolentino Moreira and Tatiana Salazar Silva Pinto and Daniela Siqueira Veloso Starling and Ant{\^{o}}nio Jaeger},
  title     = {Retrieval Practice in Classroom Settings: A Review of Applied Research},
  journal   = {Frontiers in Education},
  year      = {2019},
  volume    = {4},
  month     = {2},
  doi       = {10.3389/feduc.2019.00005},
  publisher = {Frontiers Media {SA}},
}

@Article{Agarwal_2016,
  author    = {Pooja K. Agarwal and Jason R. Finley and Nathan S. Rose and Henry L. Roediger},
  title     = {Benefits from retrieval practice are greater for students with lower working memory capacity},
  journal   = {Memory},
  year      = {2016},
  volume    = {25},
  number    = {6},
  month     = {8},
  pages     = {764--771},
  doi       = {10.1080/09658211.2016.1220579},
  publisher = {Informa {UK} Limited},
}

@Article{van_Gog_2012,
  author    = {Tamara van Gog and Liesbeth Kester},
  title     = {A Test of the Testing Effect: Acquiring Problem-Solving Skills From Worked Examples},
  journal   = {Cognitive Science},
  year      = {2012},
  volume    = {36},
  number    = {8},
  month     = {nov},
  pages     = {1532--1541},
  doi       = {10.1111/cogs.12002},
  publisher = {Wiley},
}

@Article{Mayer_2002,
  author    = {Richard E. Mayer},
  title     = {Rote Versus Meaningful Learning},
  journal   = {Theory Into Practice},
  year      = {2002},
  volume    = {41},
  number    = {4},
  month     = {nov},
  pages     = {226--232},
  doi       = {10.1207/s15430421tip4104_4},
  publisher = {Informa {UK} Limited},
}

@Article{Roediger_2011,
  author    = {Henry L. Roediger and Andrew C. Butler},
  title     = {The critical role of retrieval practice in long-term retention},
  journal   = {Trends in Cognitive Sciences},
  year      = {2011},
  volume    = {15},
  number    = {1},
  month     = {jan},
  pages     = {20--27},
  doi       = {10.1016/j.tics.2010.09.003},
  publisher = {Elsevier {BV}},
}

@Article{Xiaofeng_2016,
  author    = {Ma Xiaofeng and Yang Xiao-e and Li Yanru and Zhou AiBao},
  title     = {Prior knowledge level dissociates effects of retrieval practice and elaboration},
  journal   = {Learning and Individual Differences},
  year      = {2016},
  volume    = {51},
  month     = {oct},
  pages     = {210--214},
  doi       = {10.1016/j.lindif.2016.09.012},
  publisher = {Elsevier {BV}},
}

@Article{Agarwal_2008,
  author    = {Pooja K. Agarwal and Jeffrey D. Karpicke and Sean H. K. Kang and Henry L. Roediger and Kathleen B. McDermott},
  title     = {Examining the testing effect with open- and closed-book tests},
  journal   = {Applied Cognitive Psychology},
  year      = {2008},
  volume    = {22},
  number    = {7},
  month     = {nov},
  pages     = {861--876},
  doi       = {10.1002/acp.1391},
  publisher = {Wiley},
}

@Article{Roediger_2006,
  author    = {Henry L. Roediger and Jeffrey D. Karpicke},
  title     = {Test-Enhanced Learning},
  journal   = {Psychological Science},
  year      = {2006},
  volume    = {17},
  number    = {3},
  month     = {mar},
  pages     = {249--255},
  doi       = {10.1111/j.1467-9280.2006.01693.x},
  publisher = {{SAGE} Publications},
}

@Article{Storm_2010,
  author    = {Benjamin C. Storm and John F. Nestojko},
  title     = {Successful inhibition, unsuccessful retrieval: Manipulating time and success during retrieval practice},
  journal   = {Memory},
  year      = {2010},
  volume    = {18},
  number    = {2},
  month     = {feb},
  pages     = {99--114},
  doi       = {10.1080/09658210903107853},
  publisher = {Informa {UK} Limited},
}

@Article{Karpicke_2011,
  author    = {J. D. Karpicke and J. R. Blunt},
  title     = {Retrieval Practice Produces More Learning than Elaborative Studying with Concept Mapping},
  journal   = {Science},
  year      = {2011},
  volume    = {331},
  number    = {6018},
  month     = {jan},
  pages     = {772--775},
  doi       = {10.1126/science.1199327},
  publisher = {American Association for the Advancement of Science ({AAAS})},
}

@Article{Smith_2016,
  author    = {Amy M. Smith and Victoria A. Floerke and Ayanna K. Thomas},
  title     = {Retrieval practice protects memory against acute stress},
  journal   = {Science},
  year      = {2016},
  volume    = {354},
  number    = {6315},
  month     = {nov},
  pages     = {1046--1048},
  doi       = {10.1126/science.aah5067},
  publisher = {American Association for the Advancement of Science ({AAAS})},
}

@Comment{jabref-meta: databaseType:biblatex;}
