% Encoding: UTF-8

@Article{Roediger2006,
  author    = {Henry L. Roediger and Jeffrey D. Karpicke},
  title     = {Test-Enhanced Learning},
  journal   = {Psychological Science},
  year      = {2006},
  volume    = {17},
  number    = {3},
  pages     = {249--255},
  month     = mar,
  doi       = {10.1111/j.1467-9280.2006.01693.x},
  publisher = {{SAGE} Publications},
}

@Article{Agarwal2016,
  author    = {Pooja K. Agarwal and Jason R. Finley and Nathan S. Rose and Henry L. Roediger},
  title     = {Benefits from retrieval practice are greater for students with lower working memory capacity},
  journal   = {Memory},
  year      = {2016},
  volume    = {25},
  number    = {6},
  pages     = {764--771},
  month     = {aug},
  doi       = {10.1080/09658211.2016.1220579},
  publisher = {Informa {UK} Limited},
}

@Article{Gog2012,
  author    = {Tamara van Gog and Liesbeth Kester},
  title     = {A Test of the Testing Effect: Acquiring Problem-Solving Skills From Worked Examples},
  journal   = {Cognitive Science},
  year      = {2012},
  volume    = {36},
  number    = {8},
  pages     = {1532--1541},
  month     = {nov},
  doi       = {10.1111/cogs.12002},
  publisher = {Wiley},
}

@Article{Smith1977,
  author    = {Carol A. Smith and Larry W. Morris},
  title     = {Differential Effects of Stimulative and Sedative Music on Anxiety, Concentration, and Performance},
  journal   = {Psychological Reports},
  year      = {1977},
  volume    = {41},
  number    = {3{\_}suppl},
  pages     = {1047--1053},
  month     = dec,
  doi       = {10.2466/pr0.1977.41.3f.1047},
  publisher = {{SAGE} Publications},
}

@Article{Potkin2012,
  author    = {Katya Trudeau Potkin and William E. Bunney},
  title     = {Sleep Improves Memory: The Effect of Sleep on Long Term Memory in Early Adolescence},
  journal   = {{PLoS} {ONE}},
  year      = {2012},
  volume    = {7},
  number    = {8},
  pages     = {e42191},
  month     = aug,
  doi       = {10.1371/journal.pone.0042191},
  editor    = {Antonio Verdejo Garc{\'{\i}}a},
  publisher = {Public Library of Science ({PLoS})},
}

@Other{Dolegui2013,
  author        = {Dolegui, Arielle S.},
  title         = {The Impact of Listening to Music on Cognitive Performance},
  year          = {2013},
  __markedentry = {[iamja:6]},
  issn          = {2153-5760},
  journal       = {Inquiries Journal/Student Pulse},
  number        = {09},
  shorttitle    = {The Impact of Listening to Music on Cognitive Performance},
  url           = {http://www.inquiriesjournal.com/a?id=1657},
  volume        = {5},
}

@Comment{jabref-meta: databaseType:bibtex;}
